@book{soybean,
author = {Hymowitz, T and Newell, CA and Carmer, SG},
title = {Pedigrees of Soybean Cultivars Released in the United States and Canada},
publisher = {International Soybean Series, College of Agriculture, University of Illinois at Urbana-Champaign, Urbana, IL},
year = {1977},
}

@Manual{mgp,
key = {North Dakota State University and American Mathematical Society},
title = {The Mathematics Genealogy Project},
year = {2010},
note = {Archived Web Site. Retrieved from the Library of Congress, Accessed on March 6, 2015},
url = {http://www.genealogy.math.ndsu.nodak.edu},
}

@article{igraph,
author = {Csardi, G and Nepusz, T},
title = {The \pkg{igraph} Software Package for Complex Network Research},
journal = {InterJournal, Complex Systems},
year = {2006},
url = {http://igraph.sf.net},
volume = 1695,
}

@article{ape,
author = {Claude, J and Paradis, E and Strimmer, K},
title = {\pkg{Ape}: Analyses of phylogenetics and evolution in \proglang{R} language.},
journal = {Bioinformatics},
year = {2003},
volume = 20,
number = 3,
pages = {86--91},
}

@book{ggplot2,
author = {Wickham, H},
title = {\pkg{ggplot2}: Elegant Graphics for Data Analysis},
publisher = {Springer-Verlag, New York, NY},
year = {2009},
url = {http://had.co.nz/ggplot2/book},
}

@book{shiny,
author = {{RStudio, Inc}},
title = {\pkg{shiny: Web Application Framework for R}},
note = {\proglang{R} package version 0.10.2.1},
year = {2014},
url = {http://CRAN.R-project.org/package=shiny},
}

@Manual{ggen,
title = {ggenealogy: Visualization Tools for Genealogical Data},
author = {Lindsay Rutter and Susan Vanderplas and Di Cook},
year = {2015},
note = {R package version 0.1.0},
url = {https://CRAN.R-project.org/package=ggenealogy},
}

@Manual{ped,
title = {pedigree: Pedigree functions},
author = {Albart Coster},
year = {2013},
note = {R package version 0.4},
url = {https://CRAN.R-project.org/package=pedigree},
}

@Manual{kin,
title = {kinship2: Pedigree Functions},
author = {Terry Therneau and Schaid Daniel and Jason Sinnwell and Elizabeth Atkinson},
year = {2015},
note = {R package version 1.6.4},
url = {https://CRAN.R-project.org/package=kinship2},
}

@ARTICLE{graphvizCit,
    author = {Emden R. Gansner and Stephen C. North},
    title = {An open graph visualization system and its applications to software engineering},
    journal = {Software - Practice and Experience},
    year = {2000},
    volume = {30},
    number = {11},
    pages = {1203--1233}
}

@ARTICLE{cytoscapeCit,
    author = {Paul Shannon and Andrew Markiel and Owen Ozier and Nitin S. Baliga and Jonathan T. Wang and Daniel Ramage and Nada Amin and Benno Schwikowski and Trey Ideker},
    title = {Cytoscape: a software environment for integrated models of biomolecular interaction networks},
    journal = {Genome Research},
    year = {2003},
    volume = {13},
    number = {11},
    pages = {2498--2504}
}

@misc{psql,
key = {PostgreSQL},
publisher = {PostgreSQL Global Development Group},
url = {http://www.postgresql.org/},
year = {2016},
}

@misc{sql,
key = {PostgreSQL},
publisher = {PostgreSQL Global Development Group},
url = {http://www.postgresql.org/},
year = {2016},
}

@Manual{dplyr,
title = {dplyr: A Grammar of Data Manipulation},
author = {Hadley Wickham and Romain Francois},
year = {2015},
note = {R package version 0.4.3},
url = {https://CRAN.R-project.org/package=dplyr},
}

@Manual{plotly,
title = {plotly: Create Interactive Web Graphics via 'plotly.js'},
author = {Carson Sievert and Chris Parmer and Toby Hocking and Scott Chamberlain and Karthik Ram and Marianne Corvellec and Pedro Despouy},
year = {2016},
note = {R package version 3.4.13},
url = {https://CRAN.R-project.org/package=plotly},
}